@article{ccpn,
  title={The CCPN data model for NMR spectroscopy: development of a software pipeline},
  author={Vranken, Wim F and Boucher, Wayne and Stevens, Tim J and Fogh, Rasmus H and Pajon, Anne and Llinas, Miguel and Ulrich, Eldon L and Markley, John L and Ionides, John and Laue, Ernest D},
  journal={Proteins: Structure, Function, and Bioinformatics},
  volume={59},
  number={4},
  pages={687--696},
  year={2005},
  publisher={Wiley Online Library}
}

@article{pdb,
  title={The protein data bank},
  author={Berman, Helen M and Westbrook, John and Feng, Zukang and Gilliland, Gary and Bhat, TN and Weissig, Helge and Shindyalov, Ilya N and Bourne, Philip E},
  journal={Nucleic acids research},
  volume={28},
  number={1},
  pages={235--242},
  year={2000},
  publisher={Oxford Univ Press}
}

@article{bmrb,
  title={BioMagResBank},
  author={Ulrich, Eldon L and Akutsu, Hideo and Doreleijers, Jurgen F and Harano, Yoko and Ioannidis, Yannis E and Lin, Jundong and Livny, Miron and Mading, Steve and Maziuk, Dimitri and Miller, Zachary and others},
  journal={Nucleic acids research},
  volume={36},
  number={suppl 1},
  pages={D402--D408},
  year={2008},
  publisher={Oxford Univ Press}
}

@article{nmrpipe,
  title={NMRPipe: a multidimensional spectral processing system based on UNIX pipes},
  author={Delaglio, Frank and Grzesiek, Stephan and Vuister, Geerten W and Zhu, Guang and Pfeifer, John and Bax, AD},
  journal={Journal of biomolecular NMR},
  volume={6},
  number={3},
  pages={277--293},
  year={1995},
  publisher={Springer}
}

@article{rnmrtk,
  title={The Rowland NMR Toolkit},
  author={Hoch, JC and Stern, A},
  journal={Rowland Institute for Science Technical Memorandum},
  number={18t},
  year={1985}
}

@article{xeasy,
  title={The program XEASY for computer-supported NMR spectral analysis of biological macromolecules},
  author={Bartels, Christian and Xia, Tai-he and Billeter, Martin and G{\"u}ntert, Peter and W{\"u}thrich, Kurt},
  journal={Journal of biomolecular NMR},
  volume={6},
  number={1},
  pages={1--10},
  year={1995},
  publisher={Springer}
}

@article{sparky,
  title={SPARKY 3},
  author={Goddard, TD and Kneller, DG},
  journal={University of California, San Francisco},
  volume={14},
  pages={15},
  year={2004}
}

@article{nmrviewj,
  title={NMRViewJ, version 8.2. 36},
  author={Johnson, BA},
  journal={One Moon Scientific Inc., Newark},
  year={2010}
}

